% Articles

@ARTICLE{Antiochos2000,
       author = {{Antiochos}, S.~K. and {MacNeice}, P.~J. and {Spicer}, D.~S.},
        title = "{The Thermal Nonequilibrium of Prominences}",
      journal = {The Astrophysical Journal},
     keywords = {Sun: Chromosphere, Sun: Corona, Sun: Prominences},
         year = "2000",
        month = "Jun",
       volume = {536},
       number = {1},
        pages = {494-499},
          doi = {10.1086/308922},
       adsurl = {https://ui.adsabs.harvard.edu/abs/2000ApJ...536..494A},
      adsnote = {Provided by the SAO/NASA Astrophysics Data System}
}

@ARTICLE{Antolin2010,
       author = {{Antolin}, P. and {Shibata}, K.},
        title = "{The Role Of Torsional Alfv{\'e}n Waves in Coronal Heating}",
      journal = {The Astrophysical Journal},
     keywords = {magnetohydrodynamics: MHD, Sun: corona, Sun: flares, waves, Astrophysics - Solar and Stellar Astrophysics, Astrophysics - Earth and Planetary Astrophysics},
         year = 2010,
        month = mar,
       volume = {712},
       number = {1},
        pages = {494-510},
          doi = {10.1088/0004-637X/712/1/494},
archivePrefix = {arXiv},
       eprint = {0910.0962},
 primaryClass = {astro-ph.SR},
       adsurl = {https://ui.adsabs.harvard.edu/abs/2010ApJ...712..494A},
      adsnote = {Provided by the SAO/NASA Astrophysics Data System}
}

@ARTICLE{Antolin2016,
       author = {{Antolin}, P. and {De Moortel}, I. and {Van Doorsselaere}, T. and
         {Yokoyama}, T.},
        title = "{Modeling Observed Decay-less Oscillations as Resonantly Enhanced Kelvin-Helmholtz Vortices from Transverse MHD Waves and Their Seismological Application}",
      journal = {The Astrophysical Journal Letters},
     keywords = {magnetohydrodynamics: MHD, Sun: activity, Sun: corona, Sun: oscillations, Astrophysics - Solar and Stellar Astrophysics},
         year = 2016,
        month = oct,
       volume = {830},
       number = {2},
          eid = {L22},
        pages = {L22},
          doi = {10.3847/2041-8205/830/2/L22},
archivePrefix = {arXiv},
       eprint = {1609.09716},
 primaryClass = {astro-ph.SR},
       adsurl = {https://ui.adsabs.harvard.edu/abs/2016ApJ...830L..22A},
      adsnote = {Provided by the SAO/NASA Astrophysics Data System}
}

@ARTICLE{Antolin2018,
       author = {{Antolin}, P. and {Schmit}, D. and {Pereira}, T.~M.~D. and
         {De Pontieu}, B. and {De Moortel}, I.},
        title = "{Transverse Wave Induced Kelvin-Helmholtz Rolls in Spicules}",
      journal = {The Astrophysical Journal},
     keywords = {instabilities, magnetohydrodynamics: MHD, Sun: activity, Sun: chromosphere, Sun: corona, Sun: oscillations, Astrophysics - Solar and Stellar Astrophysics},
         year = 2018,
        month = mar,
       volume = {856},
       number = {1},
          eid = {44},
        pages = {44},
          doi = {10.3847/1538-4357/aab34f},
archivePrefix = {arXiv},
       eprint = {1803.00821},
 primaryClass = {astro-ph.SR},
       adsurl = {https://ui.adsabs.harvard.edu/abs/2018ApJ...856...44A},
      adsnote = {Provided by the SAO/NASA Astrophysics Data System}
}

@ARTICLE{Alfven1942,
       author = {{Alfv{\'e}n}, H.},
        title = "{Existence of Electromagnetic-Hydrodynamic Waves}",
      journal = {Nature},
         year = 1942,
        month = oct,
       volume = {150},
       number = {3805},
        pages = {405-406},
          doi = {10.1038/150405d0},
       adsurl = {https://ui.adsabs.harvard.edu/abs/1942Natur.150..405A},
      adsnote = {Provided by the SAO/NASA Astrophysics Data System}
}

@ARTICLE{Arregui2003,
       author = {{Arregui}, I. and {Oliver}, R. and {Ballester}, J.~L.},
        title = "{Coupling of fast and Alfv{\'e}n waves in a straight bounded magnetic field with density stratification}",
      journal = {Astronomy \& Astrophysics},
     keywords = {magnetohydrodynamics (MHD), methods: numerical, Sun: oscillations, Sun: magnetic fields},
         year = 2003,
        month = may,
       volume = {402},
        pages = {1129-1143},
          doi = {10.1051/0004-6361:20030312},
       adsurl = {https://ui.adsabs.harvard.edu/abs/2003A&A...402.1129A},
      adsnote = {Provided by the SAO/NASA Astrophysics Data System}
}

@ARTICLE{Arregui2015,
       author = {{Arregui}, I{\~n}igo},
        title = "{Wave heating of the solar atmosphere}",
      journal = {Philosophical Transactions of the Royal Society of London Series A},
     keywords = {Sun, magnetic fields, magnetohydrodynamics, waves, coronal heating, Astrophysics - Solar and Stellar Astrophysics},
         year = 2015,
        month = apr,
       volume = {373},
       number = {2042},
        pages = {20140261-20140261},
          doi = {10.1098/rsta.2014.0261},
archivePrefix = {arXiv},
       eprint = {1501.06708},
 primaryClass = {astro-ph.SR},
       adsurl = {https://ui.adsabs.harvard.edu/abs/2015RSPTA.37340261A},
      adsnote = {Provided by the SAO/NASA Astrophysics Data System}
}

@article{Braginskii1965,
  title={Transport processes in a plasma},
  author={{Braginskii}, S.~I.},
  journal={Reviews of Plasma Physics},
  volume={1},
  pages = {205-311},
  year={1965},
  publisher={Consultants Bureau}
}

@ARTICLE{Browning1984,
       author = {{Browning}, P.~K. and {Priest}, E.~R.},
        title = "{Kelvin-Helmholtz instability of a phased-mixed Alfven wave}",
      journal = {Astronomy \& Astrophysics},
     keywords = {Kelvin-Helmholtz Instability, Magnetohydrodynamic Waves, Plasma Heating, Solar Corona, Hydrodynamic Equations, Mixing, Velocity Distribution, Plasma Physics},
         year = 1984,
        month = feb,
       volume = {131},
       number = {2},
        pages = {283-290},
       adsurl = {https://ui.adsabs.harvard.edu/abs/1984A&A...131..283B},
      adsnote = {Provided by the SAO/NASA Astrophysics Data System}
}

@ARTICLE{Bruno2013,
       author = {{Bruno}, Roberto and {Carbone}, Vincenzo},
        title = "{The Solar Wind as a Turbulence Laboratory}",
      journal = {Living Reviews in Solar Physics},
     keywords = {Magnetohydrodynamics (MHD), Solar wind, Dynamical systems, Nonlinear phenomena, Interplanetary space, Turbulence},
         year = 2013,
        month = may,
       volume = {10},
       number = {1},
          eid = {2},
        pages = {2},
          doi = {10.12942/lrsp-2013-2},
       adsurl = {https://ui.adsabs.harvard.edu/abs/2013LRSP...10....2B},
      adsnote = {Provided by the SAO/NASA Astrophysics Data System}
}

@ARTICLE{Cally2011,
       author = {{Cally}, Paul S. and {Hansen}, Shelley C.},
        title = "{Benchmarking Fast-to-Alfv{\'e}n Mode Conversion in a Cold Magnetohydrodynamic Plasma}",
      journal = {The Astrophysical Journal},
     keywords = {magnetohydrodynamics: MHD, Sun: oscillations, sunspots, Astrophysics - Solar and Stellar Astrophysics},
         year = 2011,
        month = sep,
       volume = {738},
       number = {2},
          eid = {119},
        pages = {119},
          doi = {10.1088/0004-637X/738/2/119},
archivePrefix = {arXiv},
       eprint = {1105.5754},
 primaryClass = {astro-ph.SR},
       adsurl = {https://ui.adsabs.harvard.edu/abs/2011ApJ...738..119C},
      adsnote = {Provided by the SAO/NASA Astrophysics Data System}
}

@ARTICLE{Cargill2011,
   author = {{Cargill}, P. and {De Moortel}, I.},
    title = "{Solar physics: Waves galore}",
  journal = {Nature},
     year = 2011,
    month = jul,
   volume = 475,
    pages = {463-464},
      doi = {10.1038/475463a},
   adsurl = {https://ui.adsabs.harvard.edu/abs/2011Natur.475..463C},
  adsnote = {Provided by the SAO/NASA Astrophysics Data System}
}

@ARTICLE{Cargill2016,
       author = {{Cargill}, P.~J. and {De Moortel}, I. and {Kiddie}, G.},
        title = "{Coronal Density Structure and its Role in Wave Damping in Loops}",
      journal = {The Astrophysical Journal},
     keywords = {Sun: corona},
         year = 2016,
        month = may,
       volume = {823},
       number = {1},
          eid = {31},
        pages = {31},
          doi = {10.3847/0004-637X/823/1/31},
       adsurl = {https://ui.adsabs.harvard.edu/abs/2016ApJ...823...31C},
      adsnote = {Provided by the SAO/NASA Astrophysics Data System}
}

@ARTICLE{Cohen1974,
       author = {{Cohen}, R.~H. and {Kulsrud}, R.~M.},
        title = "{Nonlinear evolution of parallel-propagating hydromagnetic waves.}",
      journal = {Physics of Fluids},
     keywords = {Evolution (Development), Magnetohydrodynamic Waves, Plane Waves, Plasma Interactions, Shock Discontinuity, Solar Wind, Asymptotic Methods, Elliptical Polarization, Geomagnetism, Interplanetary Magnetic Fields, Magnetic Effects, Nonlinearity, Satellite Observation, Time Dependence, Wave Equations, Wave Propagation, Plasma Physics},
         year = 1974,
        month = dec,
       volume = {17},
        pages = {2215-2225},
          doi = {10.1063/1.1694695},
       adsurl = {https://ui.adsabs.harvard.edu/abs/1974PhFl...17.2215C},
      adsnote = {Provided by the SAO/NASA Astrophysics Data System}
}

@ARTICLE{Cranmer2005,
       author = {{Cranmer}, S.~R. and {van Ballegooijen}, A.~A.},
        title = "{On the Generation, Propagation, and Reflection of Alfv{\'e}n Waves from the Solar Photosphere to the Distant Heliosphere}",
      journal = {The Astrophysical Journal Supplement Series},
     keywords = {Magnetohydrodynamics: MHD, Sun: Solar Wind, Sun: Atmospheric Motions, Sun: Corona, Turbulence, Waves, Astrophysics},
         year = 2005,
        month = feb,
       volume = {156},
       number = {2},
        pages = {265-293},
          doi = {10.1086/426507},
archivePrefix = {arXiv},
       eprint = {astro-ph/0410639},
 primaryClass = {astro-ph},
       adsurl = {https://ui.adsabs.harvard.edu/abs/2005ApJS..156..265C},
      adsnote = {Provided by the SAO/NASA Astrophysics Data System}
}

@ARTICLE{Cranmer2018,
       author = {{Cranmer}, Steven R.},
        title = "{Low-frequency Alfv{\'e}n Waves Produced by Magnetic Reconnection in the Sun{\textquoteright}s Magnetic Carpet}",
      journal = {The Astrophysical Journal},
     keywords = {magnetic reconnection, magnetohydrodynamics: MHD, solar wind, Sun: corona, Sun: magnetic fields, waves, Astrophysics - Solar and Stellar Astrophysics},
         year = 2018,
        month = jul,
       volume = {862},
       number = {1},
          eid = {6},
        pages = {6},
          doi = {10.3847/1538-4357/aac953},
archivePrefix = {arXiv},
       eprint = {1805.12184},
 primaryClass = {astro-ph.SR},
       adsurl = {https://ui.adsabs.harvard.edu/abs/2018ApJ...862....6C},
      adsnote = {Provided by the SAO/NASA Astrophysics Data System}
}

@ARTICLE{DeGroof2002,
       author = {{De Groof}, A. and {Goossens}, M.},
        title = "{Fast and Alfv{\'e}n waves driven by azimuthal footpoint motions. II. Random driver}",
      journal = {Astronomy \& Astrophysics},
     keywords = {MHD, Sun: Corona, Sun: Magnetic Fields, Waves},
         year = 2002,
        month = may,
       volume = {386},
        pages = {691-698},
          doi = {10.1051/0004-6361:20020204},
       adsurl = {https://ui.adsabs.harvard.edu/abs/2002A&A...386..691D},
      adsnote = {Provided by the SAO/NASA Astrophysics Data System}
}

@ARTICLE{DeMoortel2002,
       author = {{De Moortel}, I. and {Hood}, A.~W. and {Arber}, T.~D.},
        title = "{Phase mixing of Alfv{\'e}n waves in a stratified and radially diverging, open atmosphere}",
      journal = {Astronomy \& Astrophysics},
     keywords = {MAGNETOHYDRODYNAMICS (MHD), WAVES, SUN: CORONA},
         year = 2000,
        month = feb,
       volume = {354},
        pages = {334-348},
       adsurl = {https://ui.adsabs.harvard.edu/abs/2000A&A...354..334D},
      adsnote = {Provided by the SAO/NASA Astrophysics Data System}
}

@ARTICLE{DeMoortel2012,
       author = {{De Moortel}, I. and {Nakariakov}, V.~M.},
        title = "{Magnetohydrodynamic waves and coronal seismology: an overview of recent results}",
      journal = {Philosophical Transactions of the Royal Society of London Series A},
     keywords = {Astrophysics - Solar and Stellar Astrophysics},
         year = 2012,
        month = jul,
       volume = {370},
       number = {1970},
        pages = {3193-3216},
          doi = {10.1098/rsta.2011.0640},
archivePrefix = {arXiv},
       eprint = {1202.1944},
 primaryClass = {astro-ph.SR},
       adsurl = {https://ui.adsabs.harvard.edu/abs/2012RSPTA.370.3193D},
      adsnote = {Provided by the SAO/NASA Astrophysics Data System}
}

@ARTICLE{Dere2009,
       author = {{Dere}, K.~P. and {Landi}, E. and {Young}, P.~R. and {Del Zanna}, G. and
         {Landini}, M. and {Mason}, H.~E.},
        title = "{CHIANTI - an atomic database for emission lines. IX. Ionization rates, recombination rates, ionization equilibria for the elements hydrogen through zinc and updated atomic data}",
      journal = {Astronomy \& Astrophysics},
     keywords = {atomic data, atomic processes, radiation mechanisms: thermal, plasmas},
         year = "2009",
        month = "May",
       volume = {498},
       number = {3},
        pages = {915-929},
          doi = {10.1051/0004-6361/200911712},
       adsurl = {https://ui.adsabs.harvard.edu/abs/2009A&A...498..915D},
      adsnote = {Provided by the SAO/NASA Astrophysics Data System}
}

@ARTICLE{Elsden2017,
       author = {{Elsden}, T. and {Wright}, A.~N.},
        title = "{The theoretical foundation of 3-D Alfv{\'e}n resonances: Time-dependent solutions}",
      journal = {Journal of Geophysical Research (Space Physics)},
     keywords = {magnetohydrodynamics, magnetosphere, ULF waves},
         year = 2017,
        month = mar,
       volume = {122},
       number = {3},
        pages = {3247-3261},
          doi = {10.1002/2016JA023811},
       adsurl = {https://ui.adsabs.harvard.edu/abs/2017JGRA..122.3247E},
      adsnote = {Provided by the SAO/NASA Astrophysics Data System}
}

@ARTICLE{Elsden2018,
       author = {{Elsden}, T. and {Wright}, A.~N.},
        title = "{The Broadband Excitation of 3-D Alfv{\'e}n Resonances in a MHD Waveguide}",
      journal = {Journal of Geophysical Research (Space Physics)},
     keywords = {field line resonance, MHD waves, Alfven resonance, mode coupling, Earth's magnetosphere},
         year = 2018,
        month = jan,
       volume = {123},
       number = {1},
        pages = {530-547},
          doi = {10.1002/2017JA025018},
       adsurl = {https://ui.adsabs.harvard.edu/abs/2018JGRA..123..530E},
      adsnote = {Provided by the SAO/NASA Astrophysics Data System}
}

@ARTICLE{Feynman2000,
       author = {{Feynman}, Joan and {Gabriel}, S.~B.},
        title = "{On space weather consequences and predictions}",
      journal = {Journal of Geophysical Research},
     keywords = {Interplanetary Physics: Ejecta, driver gases, and magnetic clouds, Interplanetary Physics: Energetic particles, solar, Magnetospheric Physics: Energetic particles, trapped, Magnetospheric Physics: Storms and substorms},
         year = 2000,
        month = may,
       volume = {105},
       number = {A5},
        pages = {10543-10564},
          doi = {10.1029/1999JA000141},
       adsurl = {https://ui.adsabs.harvard.edu/abs/2000JGR...10510543F},
      adsnote = {Provided by the SAO/NASA Astrophysics Data System}
}

@ARTICLE{Gary2001,
       author = {{Gary}, G. Allen},
        title = "{Plasma Beta above a Solar Active Region: Rethinking the Paradigm}",
      journal = {Solar Physics},
         year = "2001",
        month = "Oct",
       volume = {203},
       number = {1},
        pages = {71-86},
          doi = {10.1023/A:1012722021820},
       adsurl = {https://ui.adsabs.harvard.edu/abs/2001SoPh..203...71G},
      adsnote = {Provided by the SAO/NASA Astrophysics Data System}
}

@ARTICLE{Giagkiozis2016,
       author = {{Giagkiozis}, I. and {Goossens}, M. and {Verth}, G. and {Fedun}, V. and
         {Van Doorsselaere}, T.},
        title = "{Resonant Absorption of Axisymmetric Modes in Twisted Magnetic Flux Tubes}",
      journal = {The Astrophysical Journal},
     keywords = {magnetohydrodynamics: MHD, Sun: atmosphere, Sun: chromosphere, Sun: magnetic fields, Sun: photosphere, waves, Astrophysics - Solar and Stellar Astrophysics},
         year = 2016,
        month = jun,
       volume = {823},
       number = {2},
          eid = {71},
        pages = {71},
          doi = {10.3847/0004-637X/823/2/71},
archivePrefix = {arXiv},
       eprint = {1706.09665},
 primaryClass = {astro-ph.SR},
       adsurl = {https://ui.adsabs.harvard.edu/abs/2016ApJ...823...71G},
      adsnote = {Provided by the SAO/NASA Astrophysics Data System}
}

@ARTICLE{Halberstadt1993,
       author = {{Halberstadt}, G. and {Goedbloed}, J.~P.},
        title = "{The continuous Alfv\'en spectrum of line-tied coronal loops}",
      journal = {Astronomy \& Astrophysics},
     keywords = {Continuous Spectra, Coronal Loops, Magnetohydrodynamic Waves, Photosphere, Solar Magnetic Field, Space Plasmas, Boundary Conditions, Convection Cells, Eigenvalues, Lagrangian Function, Mathematical Models, Numerical Analysis, Plasma Physics, Solar Physics},
         year = 1993,
        month = dec,
       volume = {280},
       number = {2},
        pages = {647-660},
       adsurl = {https://ui.adsabs.harvard.edu/abs/1993A&A...280..647H},
      adsnote = {Provided by the SAO/NASA Astrophysics Data System}
}


@ARTICLE{Halberstadt1995,
       author = {{Halberstadt}, G. and {Goedbloed}, J.~P.},
        title = "{Alfv\'en wave heating of coronal loops: photospheric excitation}",
      journal = {Astronomy \& Astrophysics},
     keywords = {MHD, METHODS: NUMERICAL, SUN: CORONA, MAGNETIC FIELDS, PLASMAS},
         year = 1995,
        month = sep,
       volume = {301},
        pages = {559},
       adsurl = {https://ui.adsabs.harvard.edu/abs/1995A&A...301..559H},
      adsnote = {Provided by the SAO/NASA Astrophysics Data System}
}

@ARTICLE{Hansen2012,
       author = {{Hansen}, Shelley C. and {Cally}, Paul S.},
        title = "{Benchmarking Fast-to-Alfv{\'e}n Mode Conversion in a Cold MHD Plasma. II. How to Get Alfv{\'e}n Waves through the Solar Transition Region}",
      journal = {The Astrophysical Journal},
     keywords = {magnetohydrodynamics: MHD, Sun: oscillations, sunspots, Astrophysics - Solar and Stellar Astrophysics},
         year = 2012,
        month = may,
       volume = {751},
       number = {1},
          eid = {31},
        pages = {31},
          doi = {10.1088/0004-637X/751/1/31},
archivePrefix = {arXiv},
       eprint = {1203.3822},
 primaryClass = {astro-ph.SR},
       adsurl = {https://ui.adsabs.harvard.edu/abs/2012ApJ...751...31H},
      adsnote = {Provided by the SAO/NASA Astrophysics Data System}
}

@ARTICLE{Heyvaerts1983,
       author = {{Heyvaerts}, J. and {Priest}, E.~R.},
        title = "{Coronal heating by phase-mixed shear Alfven waves.}",
      journal = {Astronomy \& Astrophysics},
     keywords = {Magnetohydrodynamic Stability, Magnetohydrodynamic Waves, Multiphase Flow, Ohmic Dissipation, Solar Corona, Solar Heating, Kelvin-Helmholtz Instability, Propagation Velocity, S Waves, Standing Waves, Velocity Distribution, Wave Propagation, Solar Physics},
         year = 1983,
        month = jan,
       volume = {117},
        pages = {220-234},
       adsurl = {https://ui.adsabs.harvard.edu/abs/1983A&A...117..220H},
      adsnote = {Provided by the SAO/NASA Astrophysics Data System}
}

@ARTICLE{Hillier2019,
       author = {{Hillier}, Andrew and {Arregui}, I{\~n}igo},
        title = "{Coronal Cooling as a Result of Mixing by the Nonlinear Kelvin-Helmholtz Instability}",
      journal = {The Astrophysical Journal},
     keywords = {instabilities, magnetohydrodynamics: MHD, Sun: corona, Sun: filaments, prominences, turbulence, waves, Astrophysics - Solar and Stellar Astrophysics, Physics - Fluid Dynamics, Physics - Plasma Physics, Physics - Space Physics},
         year = 2019,
        month = nov,
       volume = {885},
       number = {2},
          eid = {101},
        pages = {101},
          doi = {10.3847/1538-4357/ab4795},
archivePrefix = {arXiv},
       eprint = {1909.11351},
 primaryClass = {astro-ph.SR},
       adsurl = {https://ui.adsabs.harvard.edu/abs/2019ApJ...885..101H},
      adsnote = {Provided by the SAO/NASA Astrophysics Data System}
}

@ARTICLE{Hogan1984,
       author = {{Hogan}, John T.},
        title = "{Collisional transport of momentum in axisymmetric configurations}",
      journal = {Physics of Fluids},
         year = "1984",
        month = "Sep",
       volume = {27},
       number = {9},
        pages = {2308-2312},
          doi = {10.1063/1.864886},
       adsurl = {https://ui.adsabs.harvard.edu/abs/1984PhFl...27.2308H},
      adsnote = {Provided by the SAO/NASA Astrophysics Data System}
}

@ARTICLE{Hollweg1984a,
       author = {{Hollweg}, J.~V.},
        title = "{Alfv{\'e}nic resonant cavities in the solar atmosphere: Simple aspects}",
      journal = {Solar Physics},
     keywords = {Magnetohydrodynamic Waves, Resonance, Solar Atmosphere, Wave Propagation, Dissipation, Propagation Velocity, Wave Reflection, Solar Physics},
         year = 1984,
        month = apr,
       volume = {91},
       number = {2},
        pages = {269-288},
          doi = {10.1007/BF00146299},
       adsurl = {https://ui.adsabs.harvard.edu/abs/1984SoPh...91..269H},
      adsnote = {Provided by the SAO/NASA Astrophysics Data System}
}

@ARTICLE{Hollweg1984b,
       author = {{Hollweg}, J.~V.},
        title = "{Resonances of coronal loops}",
      journal = {The Astrophysical Journal},
     keywords = {Coronal Loops, Energy Transfer, Magnetohydrodynamic Waves, Plasma Resonance, Solar Corona, Cavity Resonators, Energy Dissipation, Flux Density, Kelvin-Helmholtz Instability, Kolmogoroff Theory, Solar Physics},
         year = 1984,
        month = feb,
       volume = {277},
        pages = {392-403},
          doi = {10.1086/161706},
       adsurl = {https://ui.adsabs.harvard.edu/abs/1984ApJ...277..392H},
      adsnote = {Provided by the SAO/NASA Astrophysics Data System}
}

@ARTICLE{Hollweg1986a,
       author = {{Hollweg}, J.~V.},
        title = "{Transition region, corona, and solar wind in coronal holes}",
      journal = {Journal of Geophysical Research},
     keywords = {Coronal Holes, Magnetohydrodynamic Waves, Plasma Heating, Solar Temperature, Solar Wind Velocity, Conductive Heat Transfer, Energy Dissipation, Plasma Turbulence, Solar Physics},
         year = 1986,
        month = apr,
       volume = {91},
       number = {A4},
        pages = {4111-4125},
          doi = {10.1029/JA091iA04p04111},
       adsurl = {https://ui.adsabs.harvard.edu/abs/1986JGR....91.4111H},
      adsnote = {Provided by the SAO/NASA Astrophysics Data System}
}

@ARTICLE{Hollweg1986b,
       author = {{Hollweg}, J.~V.},
        title = "{Viscosity and the Chew-Goldberger-Low Equations in the Solar Corona}",
      journal = {The Astrophysical Journal},
     keywords = {Plasma Dynamics, Solar Corona, Viscosity, Boltzmann Transport Equation, Magnetic Field Reconnection, Solar Electrons, Solar Protons, Stress Tensors, Solar Physics, PLASMAS, SUN: CORONA},
         year = "1986",
        month = "Jul",
       volume = {306},
        pages = {730},
          doi = {10.1086/164382},
       adsurl = {https://ui.adsabs.harvard.edu/abs/1986ApJ...306..730H},
      adsnote = {Provided by the SAO/NASA Astrophysics Data System}
}


@ARTICLE{Hood1997,
       author = {{Hood}, A.~W. and {Ireland}, J. and {Priest}, E.~R.},
        title = "{Heating of coronal holes by phase mixing.}",
      journal = {Astronomy \& Astrophysics},
     keywords = {MHD, WAVES, SUN: CORONA},
         year = 1997,
        month = feb,
       volume = {318},
        pages = {957-962},
       adsurl = {https://ui.adsabs.harvard.edu/abs/1997A&A...318..957H},
      adsnote = {Provided by the SAO/NASA Astrophysics Data System}
}

@ARTICLE{Hood2002,
       author = {{Hood}, A.~W. and {Brooks}, S.~J. and {Wright}, A.~N.},
        title = "{Coronal heating by the phase mixing of individual pulses propagating in coronal holes}",
      journal = {Proceedings of the Royal Society of London Series A},
         year = 2002,
        month = oct,
       volume = {458},
       number = {2026},
        pages = {2307},
          doi = {10.1098/rspa.2002.0959},
       adsurl = {https://ui.adsabs.harvard.edu/abs/2002RSPSA.458.2307H},
      adsnote = {Provided by the SAO/NASA Astrophysics Data System}
}

@ARTICLE{Hood2013,
       author = {{Hood}, A.~W. and {Ruderman}, M. and {Pascoe}, D.~J. and
         {De Moortel}, I. and {Terradas}, J. and {Wright}, A.~N.},
        title = "{Damping of kink waves by mode coupling. I. Analytical treatment}",
      journal = {Astronomy \& Astrophysics},
     keywords = {magnetohydrodynamics (MHD), Sun: atmosphere, Sun: corona, Sun: magnetic topology, Sun: oscillations, waves},
         year = 2013,
        month = mar,
       volume = {551},
          eid = {A39},
        pages = {A39},
          doi = {10.1051/0004-6361/201220617},
       adsurl = {https://ui.adsabs.harvard.edu/abs/2013A&A...551A..39H},
      adsnote = {Provided by the SAO/NASA Astrophysics Data System}
}

@ARTICLE{Howson2019,
       author = {{Howson}, T.~A. and {De Moortel}, I. and {Reid}, J. and {Hood}, A.~W.},
        title = "{Magnetohydrodynamic waves in braided magnetic fields}",
      journal = {Astronomy \& Astrophysics},
     keywords = {Sun: corona, Sun: magnetic fields, Sun: oscillations, Astrophysics - Solar and Stellar Astrophysics},
         year = 2019,
        month = sep,
       volume = {629},
          eid = {A60},
        pages = {A60},
          doi = {10.1051/0004-6361/201935876},
archivePrefix = {arXiv},
       eprint = {1908.03089},
 primaryClass = {astro-ph.SR},
       adsurl = {https://ui.adsabs.harvard.edu/abs/2019A&A...629A..60H},
      adsnote = {Provided by the SAO/NASA Astrophysics Data System}
}

@ARTICLE{Howson2020a,
       author = {{Howson}, T.~A. and {De Moortel}, I. and {Reid}, J.},
        title = "{Phase mixing and wave heating in a complex coronal plasma}",
      journal = {Astronomy \& Astrophysics},
     keywords = {Sun: corona, Sun: magnetic fields, Sun: oscillations, magnetohydrodynamics (MHD), Astrophysics - Solar and Stellar Astrophysics, Physics - Space Physics},
         year = 2020,
        month = apr,
       volume = {636},
          eid = {A40},
        pages = {A40},
          doi = {10.1051/0004-6361/201937332},
archivePrefix = {arXiv},
       eprint = {2003.05226},
 primaryClass = {astro-ph.SR},
       adsurl = {https://ui.adsabs.harvard.edu/abs/2020A&A...636A..40H},
      adsnote = {Provided by the SAO/NASA Astrophysics Data System}
}

@ARTICLE{Howson2020,
       author = {{Howson}, T.~A. and {De Moortel}, I. and {Fyfe}, L.~E.},
        title = "{The effects of driving time scales on heating in a coronal arcade}",
      journal = {Astronomy \& Astrophysics},
     keywords = {Sun: corona, magnetohydrodynamics (MHD), Sun: magnetic fields, Sun: oscillations, Astrophysics - Solar and Stellar Astrophysics},
         year = 2020,
        month = nov,
       volume = {643},
          eid = {A85},
        pages = {A85},
          doi = {10.1051/0004-6361/202038869},
archivePrefix = {arXiv},
       eprint = {2009.07535},
 primaryClass = {astro-ph.SR},
       adsurl = {https://ui.adsabs.harvard.edu/abs/2020A&A...643A..85H},
      adsnote = {Provided by the SAO/NASA Astrophysics Data System}
}



@ARTICLE{Ionson1982,
       author = {{Ionson}, J.~A.},
        title = "{Resonant electrodynamic heating of stellar coronal loops - an LRC circuit analog}",
      journal = {The Astrophysical Journal},
     keywords = {Coronal Loops, Magnetohydrodynamic Shear Heating, Solar Corona, Stellar Coronas, Stellar Temperature, Electrodynamics, Particle Collisions, Photosphere, Rlc Circuits, Stellar Atmospheres, Stellar Magnetic Fields, Stellar Models, Velocity Distribution, Astrophysics},
         year = 1982,
        month = mar,
       volume = {254},
        pages = {318-334},
          doi = {10.1086/159736},
       adsurl = {https://ui.adsabs.harvard.edu/abs/1982ApJ...254..318I},
      adsnote = {Provided by the SAO/NASA Astrophysics Data System}
}

@ARTICLE{Johnston2019,
       author = {{Johnston}, C.~D. and {Cargill}, P.~J. and {Antolin}, P. and
         {Hood}, A.~W. and {De Moortel}, I. and {Bradshaw}, S.~J.},
        title = "{The effects of numerical resolution, heating timescales and background heating on thermal non-equilibrium in coronal loops}",
      journal = {Astronomy \& Astrophysics},
     keywords = {Sun: corona, Sun: magnetic fields, magnetohydrodynamics (MHD), hydrodynamics, Sun: transition region, Sun: oscillations, Astrophysics - Solar and Stellar Astrophysics},
         year = "2019",
        month = "May",
       volume = {625},
          eid = {A149},
        pages = {A149},
          doi = {10.1051/0004-6361/201834742},
archivePrefix = {arXiv},
       eprint = {1904.07287},
 primaryClass = {astro-ph.SR},
       adsurl = {https://ui.adsabs.harvard.edu/abs/2019A&A...625A.149J},
      adsnote = {Provided by the SAO/NASA Astrophysics Data System}
}

@ARTICLE{Johnston2020,
       author = {{Johnston}, C.~D. and {Cargill}, P.~J. and {Hood}, A.~W. and
         {De Moortel}, I. and {Bradshaw}, S.~J. and {Vaseekar}, A.~C.},
        title = "{Modelling the solar transition region using an adaptive conduction method}",
      journal = {Astronomy \& Astrophysics},
     keywords = {hydrodynamics, magnetohydrodynamics (MHD), Sun: transition region, Sun: chromosphere, Sun: corona, Sun: flares, Astrophysics - Solar and Stellar Astrophysics},
         year = 2020,
        month = mar,
       volume = {635},
          eid = {A168},
        pages = {A168},
          doi = {10.1051/0004-6361/201936979},
archivePrefix = {arXiv},
       eprint = {2002.01887},
 primaryClass = {astro-ph.SR},
       adsurl = {https://ui.adsabs.harvard.edu/abs/2020A&A...635A.168J},
      adsnote = {Provided by the SAO/NASA Astrophysics Data System}
}



@ARTICLE{Klimchuk2006,
   author = {{Klimchuk}, J.~A.},
    title = "{On Solving the Coronal Heating Problem}",
  journal = {Solar Physics},
   eprint = {astro-ph/0511841},
     year = 2006,
    month = mar,
   volume = 234,
    pages = {41-77},
      doi = {10.1007/s11207-006-0055-z},
   adsurl = {http://cdsads.u-strasbg.fr/abs/2006SoPh..234...41K},
  adsnote = {Provided by the SAO/NASA Astrophysics Data System}
}

@ARTICLE{Klimchuck2008,
       author = {{Klimchuk}, J.~A. and {Patsourakos}, S. and {Cargill}, P.~J.},
        title = "{Highly Efficient Modeling of Dynamic Coronal Loops}",
      journal = {The Astrophysical Journal},
     keywords = {hydrodynamics, methods: numerical, stars: coronae, Sun: corona, Sun: transition region, Astrophysics},
         year = "2008",
        month = "Aug",
       volume = {682},
       number = {2},
        pages = {1351-1362},
          doi = {10.1086/589426},
archivePrefix = {arXiv},
       eprint = {0710.0185},
 primaryClass = {astro-ph},
       adsurl = {https://ui.adsabs.harvard.edu/abs/2008ApJ...682.1351K},
      adsnote = {Provided by the SAO/NASA Astrophysics Data System}
}

@ARTICLE{Klimchuk2015,
   author = {{Klimchuk}, J.~A.},
    title = "{Key aspects of coronal heating}",
  journal = {Philosophical Transactions of the Royal Society of London Series A},
archivePrefix = "arXiv",
   eprint = {1410.5660},
 primaryClass = "astro-ph.SR",
 keywords = {corona, coronal heating, magnetic fields  },
     year = 2015,
    month = apr,
   volume = 373,
    pages = {20140256-20140256},
      doi = {10.1098/rsta.2014.0256},
   adsurl = {http://cdsads.u-strasbg.fr/abs/2015RSPTA.37340256K},
  adsnote = {Provided by the SAO/NASA Astrophysics Data System}
}

@ARTICLE{Kudoh1999,
       author = {{Kudoh}, Takahiro and {Shibata}, Kazunari},
        title = "{Alfv{\'e}n Wave Model of Spicules and Coronal Heating}",
      journal = {The Astrophysical Journal},
     keywords = {MAGNETOHYDRODYNAMICS: MHD, SUN: CORONA, WAVES, Magnetohydrodynamics: MHD, Sun: Corona, Waves},
         year = 1999,
        month = mar,
       volume = {514},
       number = {1},
        pages = {493-505},
          doi = {10.1086/306930},
       adsurl = {https://ui.adsabs.harvard.edu/abs/1999ApJ...514..493K},
      adsnote = {Provided by the SAO/NASA Astrophysics Data System}
}

@ARTICLE{MacTaggart2017,
   author = {{MacTaggart}, D. and {Vergori}, L. and {Quinn}, J.},
    title = "{Braginskii magnetohydrodynamics for arbitrary magnetic topologies: coronal applications}",
  journal = {Journal of Fluid Mechanics},
     year = 2017,
    month = sep,
   volume = 826,
    pages = {615-635},
      doi = {10.1017/jfm.2017.463},
   adsurl = {https://ui.adsabs.harvard.edu/abs/2017JFM...826..615M},
  adsnote = {Provided by the SAO/NASA Astrophysics Data System}
}

@ARTICLE{Magyar2017,
       author = {{Magyar}, Norbert and {Van Doorsselaere}, Tom and {Goossens}, Marcel},
        title = "{Generalized phase mixing: Turbulence-like behaviour from unidirectionally propagating MHD waves}",
      journal = {Scientific Reports},
     keywords = {Astrophysics - Solar and Stellar Astrophysics, Physics - Plasma Physics, Physics - Space Physics},
         year = 2017,
        month = nov,
       volume = {7},
          eid = {14820},
        pages = {14820},
          doi = {10.1038/s41598-017-13660-1},
archivePrefix = {arXiv},
       eprint = {1702.02346},
 primaryClass = {astro-ph.SR},
       adsurl = {https://ui.adsabs.harvard.edu/abs/2017NatSR...714820M},
      adsnote = {Provided by the SAO/NASA Astrophysics Data System}
}

@ARTICLE{Martens2010,
       author = {{Martens}, P.~C.~H.},
        title = "{Scaling Laws and Temperature Profiles for Solar and Stellar Coronal Loops with Non-uniform Heating}",
      journal = {The Astrophysical Journal},
     keywords = {hydrodynamics, Sun: chromosphere, Sun: corona, Astrophysics},
         year = 2010,
        month = may,
       volume = {714},
       number = {2},
        pages = {1290-1304},
          doi = {10.1088/0004-637X/714/2/1290},
archivePrefix = {arXiv},
       eprint = {0804.2241},
 primaryClass = {astro-ph},
       adsurl = {https://ui.adsabs.harvard.edu/abs/2010ApJ...714.1290M},
      adsnote = {Provided by the SAO/NASA Astrophysics Data System}
}

@ARTICLE{McIntosh2011,
   author = {{McIntosh}, S.~W. and {de Pontieu}, B. and {Carlsson}, M. and 
	{Hansteen}, V. and {Boerner}, P. and {Goossens}, M.},
    title = "{Alfv{\'e}nic waves with sufficient energy to power the quiet solar corona and fast solar wind}",
  journal = {Nature},
     year = 2011,
    month = jul,
   volume = 475,
    pages = {477-480},
      doi = {10.1038/nature10235},
   adsurl = {http://adsabs.harvard.edu/abs/2011Natur.475..477M},
  adsnote = {Provided by the SAO/NASA Astrophysics Data System}
}

@ARTICLE{McIntosh2012,
   author = {{McIntosh}, S.~W. and {De Pontieu}, B.},
    title = "{Estimating the ``Dark'' Energy Content of the Solar Corona}",
  journal = {The Astrophysical Journal},
archivePrefix = "arXiv",
   eprint = {1211.4178},
 primaryClass = "astro-ph.SR",
 keywords = {Sun: chromosphere, Sun: corona, waves},
     year = 2012,
    month = dec,
   volume = 761,
      eid = {138},
    pages = {138},
      doi = {10.1088/0004-637X/761/2/138},
   adsurl = {https://ui.adsabs.harvard.edu/abs/2012ApJ...761..138M},
  adsnote = {Provided by the SAO/NASA Astrophysics Data System}
}

@ARTICLE{McLaughlin2006,
   author = {{McLaughlin}, J.~A. and {Hood}, A.~W.},
    title = "{MHD mode coupling in the neighbourhood of a 2D null point}",
  journal = {Astronomy \& Astrophysics},
archivePrefix = "arXiv",
   eprint = {0712.2402},
 keywords = {magnetohydrodynamics (MHD), waves, Sun: corona, Sun:, magnetic fields, Sun: oscillations},
     year = 2006,
    month = nov,
   volume = 459,
    pages = {641-649},
      doi = {10.1051/0004-6361:20065558},
   adsurl = {http://adsabs.harvard.edu/abs/2006A%26A...459..641M},
  adsnote = {Provided by the SAO/NASA Astrophysics Data System}
}

@ARTICLE{McLaughlin2009,
       author = {{McLaughlin}, J.~A. and {De Moortel}, I. and {Hood}, A.~W. and {Brady}, C.~S.},
        title = "{Nonlinear fast magnetoacoustic wave propagation in the neighbourhood of a 2D magnetic X-point: oscillatory reconnection}",
      journal = {Astronomy \& Astrophysics},
     keywords = {magnetohydrodynamics (MHD), waves, shock waves, Sun: corona, Sun: magnetic fields, Sun: oscillations, Astrophysics - Solar and Stellar Astrophysics},
         year = 2009,
        month = jan,
       volume = {493},
       number = {1},
        pages = {227-240},
          doi = {10.1051/0004-6361:200810465},
archivePrefix = {arXiv},
       eprint = {0901.1781},
 primaryClass = {astro-ph.SR},
       adsurl = {https://ui.adsabs.harvard.edu/abs/2009A&A...493..227M},
      adsnote = {Provided by the SAO/NASA Astrophysics Data System}
}

@ARTICLE{McLaughlin2011a,
       author = {{McLaughlin}, J.~A. and {de Moortel}, I. and {Hood}, A.~W.},
        title = "{Phase mixing of nonlinear visco-resistive Alfv{\'e}n waves}",
      journal = {Astronomy \& Astrophysics},
     keywords = {magnetohydrodynamics (MHD), magnetic fields, waves, shock waves, Sun: corona, Sun: oscillations, Astrophysics - Solar and Stellar Astrophysics, Mathematical Physics},
         year = 2011,
        month = mar,
       volume = {527},
          eid = {A149},
        pages = {A149},
          doi = {10.1051/0004-6361/201015552},
archivePrefix = {arXiv},
       eprint = {1101.5945},
 primaryClass = {astro-ph.SR},
       adsurl = {https://ui.adsabs.harvard.edu/abs/2011A&A...527A.149M},
      adsnote = {Provided by the SAO/NASA Astrophysics Data System}
}

@ARTICLE{McLaughlin2011,
   author = {{McLaughlin}, J.~A. and {Hood}, A.~W. and {de Moortel}, I.},
    title = "{Review Article: MHD Wave Propagation Near Coronal Null Points of Magnetic Fields}",
  journal = {Space Science Reviews},
archivePrefix = "arXiv",
   eprint = {1004.5568},
 primaryClass = "astro-ph.SR",
 keywords = {Magnetic fields: coronal, Magnetic fields: models, Waves: magnetohydrodynamic, Waves: propagation, Magnetohydrodynamics},
     year = 2011,
    month = jul,
   volume = 158,
    pages = {205-236},
      doi = {10.1007/s11214-010-9654-y},
   adsurl = {http://adsabs.harvard.edu/abs/2011SSRv..158..205M},
  adsnote = {Provided by the SAO/NASA Astrophysics Data System}
}

@ARTICLE{McLaughlin2013,
       author = {{McLaughlin}, J.~A.},
        title = "{Phase Mixing of Alfv{\'e}n Waves Near a 2D Magnetic Null Point}",
      journal = {Journal of Astrophysics and Astronomy},
     keywords = {Magnetohydrodynamics (MHD){\textemdash}waves{\textemdash}magnetic fields{\textemdash} Sun: atmosphere{\textemdash}corona, Astrophysics - Solar and Stellar Astrophysics},
         year = 2013,
        month = sep,
       volume = {34},
       number = {3},
        pages = {223-246},
          doi = {10.1007/s12036-013-9174-8},
archivePrefix = {arXiv},
       eprint = {1407.1743},
 primaryClass = {astro-ph.SR},
       adsurl = {https://ui.adsabs.harvard.edu/abs/2013JApA...34..223M},
      adsnote = {Provided by the SAO/NASA Astrophysics Data System}
}

@ARTICLE{McLaughlin2016,
   author = {{McLaughlin}, J.~A.},
    title = "{Behaviour of Magnetoacoustic Waves in the Neighbourhood of a Two-Dimensional Null Point: Initially Cylindrically Symmetric Perturbations}",
  journal = {Journal of Astrophysics and Astronomy},
archivePrefix = "arXiv",
   eprint = {1607.02363},
 primaryClass = "astro-ph.SR",
 keywords = {Magnetohydrodynamics (MHD), waves, magnetic fields, Sun: atmosphere, corona},
     year = 2016,
    month = mar,
   volume = 37,
      eid = {2},
    pages = {2},
      doi = {10.1007/s12036-016-9376-y},
   adsurl = {http://adsabs.harvard.edu/abs/2016JApA...37....2M},
  adsnote = {Provided by the SAO/NASA Astrophysics Data System}
}

@ARTICLE{Morton2016,
       author = {{Morton}, R.~J. and {Tomczyk}, S. and {Pinto}, R.~F.},
        title = "{A Global View of Velocity Fluctuations in the Corona below 1.3 $R_\odot$ with CoMP}",
      journal = {The Astrophysical Journal},
     keywords = {magnetohydrodynamics: MHD, Sun: corona, Sun: oscillations, waves, Astrophysics - Solar and Stellar Astrophysics},
         year = 2016,
        month = sep,
       volume = {828},
       number = {2},
          eid = {89},
        pages = {89},
          doi = {10.3847/0004-637X/828/2/89},
archivePrefix = {arXiv},
       eprint = {1608.01831},
 primaryClass = {astro-ph.SR},
       adsurl = {https://ui.adsabs.harvard.edu/abs/2016ApJ...828...89M},
      adsnote = {Provided by the SAO/NASA Astrophysics Data System}
}

@ARTICLE{Morton2019,
       author = {{Morton}, R.~J. and {Weberg}, M.~J. and {McLaughlin}, J.~A.},
        title = "{A basal contribution from p-modes to the Alfv{\'e}nic wave flux in the Sun's corona}",
      journal = {Nature Astronomy},
     keywords = {Astrophysics - Solar and Stellar Astrophysics},
         year = 2019,
        month = jan,
       volume = {3},
        pages = {223},
          doi = {10.1038/s41550-018-0668-9},
archivePrefix = {arXiv},
       eprint = {1902.03811},
 primaryClass = {astro-ph.SR},
       adsurl = {https://ui.adsabs.harvard.edu/abs/2019NatAs...3..223M},
      adsnote = {Provided by the SAO/NASA Astrophysics Data System}
}

@ARTICLE{Mocanu2008,
       author = {{Mocanu}, G. and {Marcu}, A. and {Ballai}, I. and {Orza}, B.},
        title = "{The problem of phase mixed shear Alfv{\'e}n waves in the solar corona revisited}",
      journal = {Astronomische Nachrichten},
     keywords = {Sun: corona, magnetohydrodynamics (MHD), waves},
         year = 2008,
        month = oct,
       volume = {329},
       number = {8},
        pages = {780},
          doi = {10.1002/asna.200811031},
       adsurl = {https://ui.adsabs.harvard.edu/abs/2008AN....329..780M},
      adsnote = {Provided by the SAO/NASA Astrophysics Data System}
}

@ARTICLE{Nakariakov1999,
       author = {{Nakariakov}, V.~M. and {Ofman}, L. and {Deluca}, E.~E. and
         {Roberts}, B. and {Davila}, J.~M.},
        title = "{TRACE observation of damped coronal loop oscillations: Implications for coronal heating}",
      journal = {Science},
         year = 1999,
        month = aug,
       volume = {285},
        pages = {862-864},
          doi = {10.1126/science.285.5429.862},
       adsurl = {https://ui.adsabs.harvard.edu/abs/1999Sci...285..862N},
      adsnote = {Provided by the SAO/NASA Astrophysics Data System}
}

@ARTICLE{Ofman1995,
       author = {{Ofman}, L. and {Davila}, J.~M. and {Steinolfson}, R.~S.},
        title = "{Coronal Heating by the Resonant Absorption of Alfven Waves: Wavenumber Scaling Laws}",
      journal = {The Astrophysical Journal},
     keywords = {Coronal Loops, Heating, Magnetohydrodynamic Waves, Magnetohydrodynamics, Modes, Scaling Laws, Solar Physics, Cavity Resonators, Perturbation, Plasmas (Physics), Simulation, Solar Magnetic Field, Sun, Solar Physics, MAGNETOHYDRODYNAMICS: MHD, SUN: CORONA, SUN: MAGNETIC FIELDS, WAVES},
         year = 1995,
        month = may,
       volume = {444},
        pages = {471},
          doi = {10.1086/175621},
       adsurl = {https://ui.adsabs.harvard.edu/abs/1995ApJ...444..471O},
      adsnote = {Provided by the SAO/NASA Astrophysics Data System}
}

@ARTICLE{Oliver1993,
       author = {{Oliver}, R. and {Ballester}, J.~L. and {Hood}, A.~W. and
         {Priest}, E.~R.},
        title = "{Magnetohydrodynamic waves in a potential coronal arcade}",
      journal = {Astronomy \& Astrophysics},
     keywords = {MHD, Sun: corona, Sun: magnetic field, Sun: oscillations},
         year = 1993,
        month = jun,
       volume = {273},
        pages = {647},
       adsurl = {https://ui.adsabs.harvard.edu/abs/1993A&A...273..647O},
      adsnote = {Provided by the SAO/NASA Astrophysics Data System}
}

@ARTICLE{O'Neill2005,
       author = {{O'Neill}, I. and {Li}, X.},
        title = "{Coronal loops heated by turbulence-driven Alfv{\'e}n waves: A two fluid model}",
      journal = {Astronomy \& Astrophysics},
     keywords = {Sun: corona, Sun: transition region},
         year = 2005,
        month = jun,
       volume = {435},
       number = {3},
        pages = {1159-1167},
          doi = {10.1051/0004-6361:20041596},
       adsurl = {https://ui.adsabs.harvard.edu/abs/2005A&A...435.1159O},
      adsnote = {Provided by the SAO/NASA Astrophysics Data System}
}


@ARTICLE{Pagano2017,
       author = {{Pagano}, P. and {De Moortel}, I.},
        title = "{Contribution of mode-coupling and phase-mixing of Alfv{\'e}n waves to coronal heating}",
      journal = {Astronomy \& Astrophysics},
     keywords = {Sun: corona, Sun: oscillations, Sun: magnetic fields, magnetohydrodynamics (MHD), waves},
         year = 2017,
        month = may,
       volume = {601},
          eid = {A107},
        pages = {A107},
          doi = {10.1051/0004-6361/201630059},
       adsurl = {https://ui.adsabs.harvard.edu/abs/2017A&A...601A.107P},
      adsnote = {Provided by the SAO/NASA Astrophysics Data System}
}

@ARTICLE{Pagano2018,
       author = {{Pagano}, P. and {Pascoe}, D.~J. and {De Moortel}, I.},
        title = "{Contribution of phase-mixing of Alfv{\'e}n waves to coronal heating in multi-harmonic loop oscillations}",
      journal = {Astronomy \& Astrophysics},
     keywords = {Sun: corona, Sun: helioseismology, Sun: oscillations, Sun: magnetic fields, magnetohydrodynamics (MHD), waves, Astrophysics - Solar and Stellar Astrophysics},
         year = 2018,
        month = aug,
       volume = {616},
          eid = {A125},
        pages = {A125},
          doi = {10.1051/0004-6361/201732251},
archivePrefix = {arXiv},
       eprint = {1804.10562},
 primaryClass = {astro-ph.SR},
       adsurl = {https://ui.adsabs.harvard.edu/abs/2018A&A...616A.125P},
      adsnote = {Provided by the SAO/NASA Astrophysics Data System}
}

@ARTICLE{Pagano2019,
       author = {{Pagano}, P. and {De Moortel}, I.},
        title = "{Contribution of observed multi frequency spectrum of Alfv{\'e}n waves to coronal heating}",
      journal = {Astronomy \& Astrosphysics},
     keywords = {magnetohydrodynamics (MHD), Sun: atmosphere, Sun: corona, Sun: magnetic fields, Sun: oscillations, Astrophysics - Solar and Stellar Astrophysics},
         year = 2019,
        month = mar,
       volume = {623},
          eid = {A37},
        pages = {A37},
          doi = {10.1051/0004-6361/201834158},
archivePrefix = {arXiv},
       eprint = {1901.02310},
 primaryClass = {astro-ph.SR},
       adsurl = {https://ui.adsabs.harvard.edu/abs/2019A&A...623A..37P},
      adsnote = {Provided by the SAO/NASA Astrophysics Data System}
}

@ARTICLE{Pascoe2013,
       author = {{Pascoe}, D.~J. and {Hood}, A.~W. and {De Moortel}, I. and
         {Wright}, A.~N.},
        title = "{Damping of kink waves by mode coupling. II. Parametric study and seismology}",
      journal = {Astronomy \& Astrophysics},
     keywords = {magnetohydrodynamics (MHD), Sun: atmosphere, Sun: corona, Sun: magnetic topology, Sun: oscillations, waves},
         year = 2013,
        month = mar,
       volume = {551},
          eid = {A40},
        pages = {A40},
          doi = {10.1051/0004-6361/201220620},
       adsurl = {https://ui.adsabs.harvard.edu/abs/2013A&A...551A..40P},
      adsnote = {Provided by the SAO/NASA Astrophysics Data System}
}

@ARTICLE{Parker1991,
       author = {{Parker}, E.~N.},
        title = "{The Phase Mixing of Alfven Waves, Coordinated Modes, and Coronal Heating}",
      journal = {The Astrophysical Journal},
     keywords = {Magnetohydrodynamic Waves, Radiative Transfer, Solar Corona, Solar Heating, Solar Wind, Heat Sources, Transverse Waves, Wave Equations, Wave Propagation, Solar Physics, RADIATIVE TRANSFER, SUN: CORONA, SUN: SOLAR WIND, WAVE MOTIONS},
         year = "1991",
        month = "Jul",
       volume = {376},
        pages = {355},
          doi = {10.1086/170285},
       adsurl = {https://ui.adsabs.harvard.edu/abs/1991ApJ...376..355P},
      adsnote = {Provided by the SAO/NASA Astrophysics Data System}
}

@ARTICLE{Parnell2012,
   author = {{Parnell}, C.~E. and {De Moortel}, I.},
    title = "{A contemporary view of coronal heating}",
  journal = {Philosophical Transactions of the Royal Society of London Series A},
archivePrefix = "arXiv",
   eprint = {1206.6097},
 primaryClass = "astro-ph.SR",
     year = 2012,
    month = jul,
   volume = 370,
    pages = {3217-3240},
      doi = {10.1098/rsta.2012.0113},
   adsurl = {http://adsabs.harvard.edu/abs/2012RSPTA.370.3217P},
  adsnote = {Provided by the SAO/NASA Astrophysics Data System}
}

@ARTICLE{Podesta2007,
       author = {{Podesta}, J.~J. and {Roberts}, D.~A. and {Goldstein}, M.~L.},
        title = "{Spectral Exponents of Kinetic and Magnetic Energy Spectra in Solar Wind Turbulence}",
      journal = {The Astrophysical Journal},
     keywords = {Sun: Solar Wind, Turbulence},
         year = 2007,
        month = jul,
       volume = {664},
       number = {1},
        pages = {543-548},
          doi = {10.1086/519211},
       adsurl = {https://ui.adsabs.harvard.edu/abs/2007ApJ...664..543P},
      adsnote = {Provided by the SAO/NASA Astrophysics Data System}
}

@ARTICLE{Poedts1989,
       author = {{Poedts}, Stefaan and {Goossens}, Marcel and {Kerner}, Wolfgang},
        title = "{Numerical simulation of coronal heating by resonant absorption of Alfv{\'e}n waves}",
      journal = {Solar Physics},
     keywords = {Computerized Simulation, Coronal Loops, Magnetohydrodynamic Waves, Magnetohydrodynamics, Solar Corona, Absorption, Acoustic Propagation, Energy Dissipation, Finite Element Method, Plasma Heating, Solar Heating, Solar Physics},
         year = 1989,
        month = mar,
       volume = {123},
       number = {1},
        pages = {83-115},
          doi = {10.1007/BF00150014},
       adsurl = {https://ui.adsabs.harvard.edu/abs/1989SoPh..123...83P},
      adsnote = {Provided by the SAO/NASA Astrophysics Data System}
}

@ARTICLE{Prokopyszyn2019a,
   author = {{Prokopyszyn}, A.~P.~K. and {Hood}, A.~W. and {De Moortel}, I.
	},
    title = "{Phase mixing of nonlinear Alfv{\'e}n waves}",
  journal = {Astronomy \& Astrophysics},
archivePrefix = "arXiv",
   eprint = {1903.08093},
 primaryClass = "astro-ph.SR",
 keywords = {Sun: corona, Sun: magnetic fields, magnetohydrodynamics (MHD), Sun: oscillations, waves},
     year = 2019,
    month = apr,
   volume = 624,
      eid = {A90},
    pages = {A90},
      doi = {10.1051/0004-6361/201834939},
   adsurl = {https://ui.adsabs.harvard.edu/abs/2019A%26A...624A..90P},
  adsnote = {Provided by the SAO/NASA Astrophysics Data System}
}

@ARTICLE{Prokopyszyn2019b,
       author = {{Prokopyszyn}, A.~P.~K. and {Hood}, A.~W.},
        title = "{Investigating the damping rate of phase-mixed Alfv{\'e}n waves}",
      journal = {Astronomy \& Astrophysics},
     keywords = {Sun: corona, Sun: magnetic fields, magnetohydrodynamics (MHD), Sun: oscillations, waves, Astrophysics - Solar and Stellar Astrophysics},
         year = 2019,
        month = dec,
       volume = {632},
          eid = {A93},
        pages = {A93},
          doi = {10.1051/0004-6361/201936658},
archivePrefix = {arXiv},
       eprint = {1910.12510},
 primaryClass = {astro-ph.SR},
       adsurl = {https://ui.adsabs.harvard.edu/abs/2019A&A...632A..93P},
      adsnote = {Provided by the SAO/NASA Astrophysics Data System}
}


@article{Rickard1994,
  title={Alfv{\'e}n resonance excitation and fast wave propagation in magnetospheric waveguides},
  author={{Rickard}, G.~J. and {Wright}, A.~N.},
  journal={Journal of Geophysical Research: Space Physics},
  volume={99},
  number={A7},
  pages={13455-13464},
  year={1994},
  publisher={Wiley Online Library}
}

@ARTICLE{Rosner1978,
       author = {{Rosner}, R. and {Tucker}, W.~H. and {Vaiana}, G.~S.},
        title = "{Dynamics of the quiescent solar corona.}",
      journal = {The Astrophysical Journal},
     keywords = {Solar Activity, Solar Corona, Solar X-Rays, X Ray Astronomy, Astronomical Models, Convective Flow, Hydrostatic Pressure, Parameterization, Plasma Control, Skylab Program, Stellar Magnetic Fields, Solar Physics, Solar Corona:Models, Solar Corona:X Rays},
         year = "1978",
        month = "Mar",
       volume = {220},
        pages = {643-645},
          doi = {10.1086/155949},
       adsurl = {https://ui.adsabs.harvard.edu/abs/1978ApJ...220..643R},
      adsnote = {Provided by the SAO/NASA Astrophysics Data System}
}

@ARTICLE{Ruderman2000,
       author = {{Ruderman}, M.~S. and {Oliver}, R. and {Erd{\'e}lyi}, R. and
         {Ballester}, J.~L. and {Goossens}, M.},
        title = "{Slow surface wave damping in plasmas with anisotropic viscosity and thermal conductivity}",
      journal = {Astronomy \& Astrophysics},
     keywords = {MAGNETOHYDRODYNAMICS (MHD), WAVES, METHODS: ANALYTICAL, SUN: CHROMOSPHERE, SUN: CORONA, SUN: OSCILLATIONS},
         year = 2000,
        month = feb,
       volume = {354},
        pages = {261-276},
       adsurl = {https://ui.adsabs.harvard.edu/abs/2000A&A...354..261R},
      adsnote = {Provided by the SAO/NASA Astrophysics Data System}
}

@ARTICLE{Ruderman2002,
       author = {{Ruderman}, M.~S. and {Roberts}, B.},
        title = "{The Damping of Coronal Loop Oscillations}",
      journal = {The Astrophysical Journal},
     keywords = {Magnetohydrodynamics: MHD, Plasmas, Sun: Corona, Waves},
         year = 2002,
        month = sep,
       volume = {577},
       number = {1},
        pages = {475-486},
          doi = {10.1086/342130},
       adsurl = {https://ui.adsabs.harvard.edu/abs/2002ApJ...577..475R},
      adsnote = {Provided by the SAO/NASA Astrophysics Data System}
}

@ARTICLE{Rusin2010,
       author = {{Ru{\v{s}}in}, V. and {Druckm{\"u}ller}, M. and {Aniol}, P. and
         {Minarovjech}, M. and {Saniga}, M. and {Miki{\'c}}, Z. and
         {Linker}, J.~A. and {Lionello}, R. and {Riley}, P. and {Titov}, V.~S.},
        title = "{Comparing eclipse observations of the 2008 August 1 solar corona with an MHD model prediction}",
      journal = {Astronomy \& Astrophysics},
     keywords = {Sun: corona, magnetic fields, magnetohydrodynamics (MHD)},
         year = 2010,
        month = apr,
       volume = {513},
          eid = {A45},
        pages = {A45},
          doi = {10.1051/0004-6361/200912778},
       adsurl = {https://ui.adsabs.harvard.edu/abs/2010A&A...513A..45R},
      adsnote = {Provided by the SAO/NASA Astrophysics Data System}
}


@ARTICLE{SciPy2020,
       author = {{Virtanen}, Pauli and {Gommers}, Ralf and {Oliphant},
         Travis E. and {Haberland}, Matt and {Reddy}, Tyler and
         {Cournapeau}, David and {Burovski}, Evgeni and {Peterson}, Pearu
         and {Weckesser}, Warren and {Bright}, Jonathan and {van der Walt},
         St{\'e}fan J.  and {Brett}, Matthew and {Wilson}, Joshua and
         {Jarrod Millman}, K.  and {Mayorov}, Nikolay and {Nelson}, Andrew
         R.~J. and {Jones}, Eric and {Kern}, Robert and {Larson}, Eric and
         {Carey}, CJ and {Polat}, {\.I}lhan and {Feng}, Yu and {Moore},
         Eric W. and {Vand erPlas}, Jake and {Laxalde}, Denis and
         {Perktold}, Josef and {Cimrman}, Robert and {Henriksen}, Ian and
         {Quintero}, E.~A. and {Harris}, Charles R and {Archibald}, Anne M.
         and {Ribeiro}, Ant{\^o}nio H. and {Pedregosa}, Fabian and
         {van Mulbregt}, Paul and {Contributors}, SciPy 1. 0},
        title = "{SciPy 1.0: Fundamental Algorithms for Scientific
                  Computing in Python}",
      journal = {Nature Methods},
      year = "2020",
      volume={17},
      pages={261--272},
      adsurl = {https://rdcu.be/b08Wh},
      doi = {https://doi.org/10.1038/s41592-019-0686-2},
}

@ARTICLE{Shoda2019,
       author = {{Shoda}, Munehito and {Suzuki}, Takeru Ken and
         {Asgari-Targhi}, Mahboubeh and {Yokoyama}, Takaaki},
        title = "{Three-dimensional Simulation of the Fast Solar Wind Driven by Compressible Magnetohydrodynamic Turbulence}",
      journal = {The Astrophysical Journal Letters},
     keywords = {magnetohydrodynamics: MHD, methods: numerical, solar wind, turbulence, Astrophysics - Solar and Stellar Astrophysics, Astrophysics - High Energy Astrophysical Phenomena, Physics - Plasma Physics, Physics - Space Physics},
         year = 2019,
        month = jul,
       volume = {880},
       number = {1},
          eid = {L2},
        pages = {L2},
          doi = {10.3847/2041-8213/ab2b45},
archivePrefix = {arXiv},
       eprint = {1905.11685},
 primaryClass = {astro-ph.SR},
       adsurl = {https://ui.adsabs.harvard.edu/abs/2019ApJ...880L...2S},
      adsnote = {Provided by the SAO/NASA Astrophysics Data System}
}

@ARTICLE{Similon1989,
       author = {{Similon}, Philippe L. and {Sudan}, R.~N.},
        title = "{Energy Dissipation of Alfven Wave Packets Deformed by Irregular Magnetic Fields in Solar-Coronal Arches}",
      journal = {The Astrophysical Journal},
     keywords = {Energy Dissipation, Magnetohydrodynamic Waves, Solar Corona, Solar Magnetic Field, Wave Packets, Coronal Loops, Energy Conservation, Energy Transfer, Larmor Radius, Solar Physics, HYDROMAGNETICS, SUN: CORONA, WAVE MOTIONS},
         year = 1989,
        month = jan,
       volume = {336},
        pages = {442},
          doi = {10.1086/167023},
       adsurl = {https://ui.adsabs.harvard.edu/abs/1989ApJ...336..442S},
      adsnote = {Provided by the SAO/NASA Astrophysics Data System}
}

@ARTICLE{Smith2007,
       author = {{Smith}, P.~D. and {Tsiklauri}, D. and {Ruderman}, M.~S.},
        title = "{Enhanced phase mixing of Alfv{\'e}n waves propagating in stratified and divergent coronal structures}",
      journal = {Astronomy \& Astrophysics},
     keywords = {magnetohydrodynamics (MHD), methods: analytical, methods: numerical, Sun: corona, Sun: oscillations, waves, Astrophysics},
         year = 2007,
        month = dec,
       volume = {475},
       number = {3},
        pages = {1111-1123},
          doi = {10.1051/0004-6361:20078218},
archivePrefix = {arXiv},
       eprint = {0707.3884},
 primaryClass = {astro-ph},
       adsurl = {https://ui.adsabs.harvard.edu/abs/2007A&A...475.1111S},
      adsnote = {Provided by the SAO/NASA Astrophysics Data System}
}

@article{Spitzer,
  title={Physics of Fully Ionized Gases},
  author={Spitzer, L.},
  journal={Interscience, New York},
  year={1962}
}

@ARTICLE{Terradas2006,
       author = {{Terradas}, J. and {Oliver}, R. and {Ballester}, J.~L.},
        title = "{Damped Coronal Loop Oscillations: Time-dependent Results}",
      journal = {The Astrophysical Journal},
     keywords = {Magnetohydrodynamics: MHD, Sun: Corona, Sun: Magnetic Fields, Waves},
         year = 2006,
        month = may,
       volume = {642},
       number = {1},
        pages = {533-540},
          doi = {10.1086/500730},
       adsurl = {https://ui.adsabs.harvard.edu/abs/2006ApJ...642..533T},
      adsnote = {Provided by the SAO/NASA Astrophysics Data System}
}

@ARTICLE{Thompson1993,
       author = {{Thompson}, Michael J. and {Wright}, Andrew N.},
        title = "{Resonant Alfv{\'e}n wave excitation in two-dimensional systems: Singularities in partial differential equations}",
      journal = {Journal of Geophysical Research},
     keywords = {Cold Plasmas, Magnetic Fields, Magnetohydrodynamic Waves, Resonance, Boundary Conditions, Partial Differential Equations, Singularity (Mathematics), Plasma Physics, Space Plasma Physics: Experimental and mathematical techniques, Space Plasma Physics: Kinetic and MHD theory, Space Plasma Physics: Waves and instabilities, Space Plasma Physics: Wave/wave interactions},
         year = 1993,
        month = sep,
       volume = {98},
       number = {A9},
        pages = {15541-15552},
          doi = {10.1029/93JA00791},
       adsurl = {https://ui.adsabs.harvard.edu/abs/1993JGR....9815541T},
      adsnote = {Provided by the SAO/NASA Astrophysics Data System}
}

@ARTICLE{Threlfall2017,
       author = {{Threlfall}, James and {De Moortel}, Ineke and {Conlon}, Thomas},
        title = "{Above the Noise: The Search for Periodicities in the Inner Heliosphere}",
      journal = {Solar Physics},
     keywords = {Corona, active, Magnetic fields, corona, Oscillations, solar, Solar wind, theory},
         year = 2017,
        month = nov,
       volume = {292},
       number = {11},
          eid = {165},
        pages = {165},
          doi = {10.1007/s11207-017-1191-3},
       adsurl = {https://ui.adsabs.harvard.edu/abs/2017SoPh..292..165T},
      adsnote = {Provided by the SAO/NASA Astrophysics Data System}
}

@ARTICLE{Thurgood2013a,
       author = {{Thurgood}, J.~O. and {McLaughlin}, J.~A.},
        title = "{Nonlinear Alfv{\'e}n wave dynamics at a 2D magnetic null point: ponderomotive force}",
      journal = {Astronomy \& Astrophysics},
     keywords = {magnetohydrodynamics (MHD), waves, Sun: corona, Sun: oscillations, Sun: magnetic topology, magnetic fields, Astrophysics - Solar and Stellar Astrophysics, Physics - Fluid Dynamics, Physics - Geophysics, Physics - Plasma Physics},
         year = 2013,
        month = jul,
       volume = {555},
          eid = {A86},
        pages = {A86},
          doi = {10.1051/0004-6361/201321338},
archivePrefix = {arXiv},
       eprint = {1305.7073},
 primaryClass = {astro-ph.SR},
       adsurl = {https://ui.adsabs.harvard.edu/abs/2013A&A...555A..86T},
      adsnote = {Provided by the SAO/NASA Astrophysics Data System}
}

@ARTICLE{Thurgood2013b,
       author = {{Thurgood}, J.~O. and {McLaughlin}, J.~A.},
        title = "{On Ponderomotive Effects Induced by Alfv{\'e}n Waves in Inhomogeneous 2.5D MHD Plasmas}",
      journal = {Solar Physics},
     keywords = {Magnetic fields, corona, Waves, Alfv{\'e}n, magnetohydrodynamic, propagation, Astrophysics - Solar and Stellar Astrophysics},
         year = 2013,
        month = nov,
       volume = {288},
       number = {1},
        pages = {205-222},
          doi = {10.1007/s11207-013-0298-4},
archivePrefix = {arXiv},
       eprint = {1302.4340},
 primaryClass = {astro-ph.SR},
       adsurl = {https://ui.adsabs.harvard.edu/abs/2013SoPh..288..205T},
      adsnote = {Provided by the SAO/NASA Astrophysics Data System}
}

@ARTICLE{Tomczyk2007,
       author = {{Tomczyk}, S. and {McIntosh}, S.~W. and {Keil}, S.~L. and
         {Judge}, P.~G. and {Schad}, T. and {Seeley}, D.~H. and {Edmondson}, J.},
        title = "{Alfv{\'e}n Waves in the Solar Corona}",
      journal = {Science},
     keywords = {ASTRONOMY},
         year = 2007,
        month = aug,
       volume = {317},
       number = {5842},
        pages = {1192},
          doi = {10.1126/science.1143304},
       adsurl = {https://ui.adsabs.harvard.edu/abs/2007Sci...317.1192T},
      adsnote = {Provided by the SAO/NASA Astrophysics Data System}
}

@ARTICLE{vanBallegooijen2011,
       author = {{van Ballegooijen}, A.~A. and {Asgari-Targhi}, M. and {Cranmer}, S.~R. and
         {DeLuca}, E.~E.},
        title = "{Heating of the Solar Chromosphere and Corona by Alfv{\'e}n Wave Turbulence}",
      journal = {The Astrophysical Journal},
     keywords = {magnetohydrodynamics: MHD, Sun: chromosphere, Sun: corona, Sun: granulation, Sun: surface magnetism, turbulence, Astrophysics - Solar and Stellar Astrophysics},
         year = 2011,
        month = jul,
       volume = {736},
       number = {1},
          eid = {3},
        pages = {3},
          doi = {10.1088/0004-637X/736/1/3},
archivePrefix = {arXiv},
       eprint = {1105.0402},
 primaryClass = {astro-ph.SR},
       adsurl = {https://ui.adsabs.harvard.edu/abs/2011ApJ...736....3V},
      adsnote = {Provided by the SAO/NASA Astrophysics Data System}
}



@ARTICLE{vanDoorsselaere2007,
       author = {{Van Doorsselaere}, T. and {Andries}, J. and {Poedts}, S.},
        title = "{Observational evidence favors a resistive wave heating mechanism for coronal loops over a viscous phenomenon}",
      journal = {Astronomy \& Astrophysics},
     keywords = {Sun: corona, Sun: oscillations},
         year = 2007,
        month = aug,
       volume = {471},
       number = {1},
        pages = {311-314},
          doi = {10.1051/0004-6361:20066658},
       adsurl = {https://ui.adsabs.harvard.edu/abs/2007A&A...471..311V},
      adsnote = {Provided by the SAO/NASA Astrophysics Data System}
}

@ARTICLE{vanDoorsselaere2009,
       author = {{van Doorsselaere}, Tom and {Verwichte}, Erwin and {Terradas}, Jaume},
        title = "{The Effect of Loop Curvature on Coronal Loop Kink Oscillations}",
      journal = {Space Science Reviews},
     keywords = {Sun: corona, Sun: oscillations, Sun: magnetic field},
         year = 2009,
        month = dec,
       volume = {149},
       number = {1-4},
        pages = {299-324},
          doi = {10.1007/s11214-009-9530-9},
       adsurl = {https://ui.adsabs.harvard.edu/abs/2009SSRv..149..299V},
      adsnote = {Provided by the SAO/NASA Astrophysics Data System}
}

@ARTICLE{Vernazza1981,
   author = {{Vernazza}, J.~E. and {Avrett}, E.~H. and {Loeser}, R.},
    title = "{Structure of the solar chromosphere. III - Models of the EUV brightness components of the quiet-sun}",
  journal = {The Astrophysical Journal Supplement Series},
 keywords = {Atmospheric Models, Brightness Temperature, Chromosphere, Extreme Ultraviolet Radiation, Nonequilibrium Thermodynamics, Radiative Heat Transfer, Solar Atmosphere, Ultraviolet Spectra, Atmospheric Heating, Atomic Energy Levels, Carbon, Graphs (Charts), Hydrogen Atoms, Iron, Lyman Spectra, Solar Temperature, Tables (Data)},
     year = 1981,
    month = apr,
   volume = 45,
    pages = {635-725},
      doi = {10.1086/190731},
   adsurl = {https://ui.adsabs.harvard.edu/abs/1981ApJS...45..635V},
  adsnote = {Provided by the SAO/NASA Astrophysics Data System}
}

@ARTICLE{Verwichte1999,
       author = {{Verwichte}, E. and {Nakariakov}, V.~M. and {Longbottom}, A.~W.},
        title = "{On the evolution of a nonlinear Alfv{\'e}n pulse}",
      journal = {Journal of Plasma Physics},
         year = 1999,
        month = aug,
       volume = {62},
       number = {2},
        pages = {219-232},
          doi = {10.1017/S0022377899007771},
       adsurl = {https://ui.adsabs.harvard.edu/abs/1999JPlPh..62..219V},
      adsnote = {Provided by the SAO/NASA Astrophysics Data System}
}


@ARTICLE{Withbroe1977,
   author = {{Withbroe}, G.~L. and {Noyes}, R.~W.},
    title = "{Mass and energy flow in the solar chromosphere and corona}",
  journal = {Annual Review of Astronomy \& Astrophysics},
 keywords = {Chromosphere, Energy Dissipation, Mass Flow, Solar Atmosphere, Solar Corona, Solar Magnetic Field, Atmospheric Boundary Layer, Atmospheric Heating, Bibliographies, Magnetic Field Configurations, Solar Temperature, Spicules, Stellar Models, Ultraviolet Spectra},
     year = 1977,
   volume = 15,
    pages = {363-387},
      doi = {10.1146/annurev.aa.15.090177.002051},
   adsurl = {https://ui.adsabs.harvard.edu/abs/1977ARA%26A..15..363W},
  adsnote = {Provided by the SAO/NASA Astrophysics Data System}
}

@ARTICLE{Wright1995,
       author = {{Wright}, Andrew N. and {Rickard}, Graham J.},
        title = "{A Numerical Study of Resonant Absorption in a Magnetohydrodynamic Cavity Driven by a Broadband Spectrum}",
      journal = {The Astrophysical Joural},
     keywords = {Broadband, Cavities, Magnetohydrodynamic Waves, Magnetohydrodynamics, Numerical Analysis, Resonance, Earth Magnetosphere, Heating, Solar Corona, Solar Physics, Solar Physics, MAGNETOHYDRODYNAMICS: MHD, MAGNETIC FIELDS, SUN: OSCILLATIONS, WAVES},
         year = 1995,
        month = may,
       volume = {444},
        pages = {458},
          doi = {10.1086/175620},
       adsurl = {https://ui.adsabs.harvard.edu/abs/1995ApJ...444..458W},
      adsnote = {Provided by the SAO/NASA Astrophysics Data System}
}

@ARTICLE{Wright1996,
       author = {{Wright}, Andrew N. and {Allan}, W.},
        title = "{Structure, phase motion, and heating within Alfv{\'e}n resonances}",
      journal = {Journal of Geophysical Research},
     keywords = {Interplanetary Physics: MHD waves and turbulence, Magnetospheric Physics: MHD waves and instabilities, Space Plasma Physics: Kinetic and MHD theory, Space Plasma Physics: Waves and instabilities},
         year = 1996,
        month = aug,
       volume = {101},
       number = {A8},
        pages = {17399-17408},
          doi = {10.1029/96JA01141},
       adsurl = {https://ui.adsabs.harvard.edu/abs/1996JGR...10117399W},
      adsnote = {Provided by the SAO/NASA Astrophysics Data System}
}

@ARTICLE{Wright2016,
       author = {{Wright}, Andrew N. and {Elsden}, Thomas},
        title = "{The Theoretical Foundation of 3D Alfv{\'e}n Resonances: Normal Modes}",
      journal = {The Astrophysical Journal},
     keywords = {magnetohydrodynamics: MHD, planets and satellites: magnetic fields, Sun: magnetic fields, waves},
         year = 2016,
        month = dec,
       volume = {833},
       number = {2},
          eid = {230},
        pages = {230},
          doi = {10.3847/1538-4357/833/2/230},
       adsurl = {https://ui.adsabs.harvard.edu/abs/2016ApJ...833..230W},
      adsnote = {Provided by the SAO/NASA Astrophysics Data System}
}

% Book

@BOOK{Priest2014,
   author = {{Priest}, E.},
    title = "{Magnetohydrodynamics of the Sun}",
booktitle = {Magnetohydrodynamics of the Sun, by Eric Priest, Cambridge, UK: Cambridge University Press, 2014},
     year = 2014,
    month = may,
publisher = {Cambridge University Press},
      doi = {10.1017/CBO9781139020732},
   adsurl = {https://ui.adsabs.harvard.edu/abs/2014masu.book.....P},
  adsnote = {Provided by the SAO/NASA Astrophysics Data System}
}

@book{Roberts2019,
  title={MHD Waves in the Solar Atmosphere},
  author={{Roberts}, B.},
  year={2019},
  publisher={Cambridge University Press}
}

@BOOK{Shimizu2018,
       author = {{Shimizu}, Toshifumi and {Imada}, Shinsuke and {Kubo}, Masahito},
        title = "{First Ten Years of Hinode Solar On-Orbit Observatory}",
         year = 2018,
       volume = {449},
    publisher = {Springer},
          doi = {10.1007/978-981-10-7742-5},
       adsurl = {https://ui.adsabs.harvard.edu/abs/2018ASSL..449.....S},
      adsnote = {Provided by the SAO/NASA Astrophysics Data System}
}

@BOOK{Spitzer1965,
   author = {{Spitzer}, L.},
    title = "{Physics of fully ionized gases}",
booktitle = {Interscience Tracts on Physics and Astronomy, New York: Interscience Publication, 1965, 2nd rev.~ed.},
     year = 1965,
 publisher= {Courier Corporation},
   adsurl = {https://ui.adsabs.harvard.edu/abs/1965pfig.book.....S},
  adsnote = {Provided by the SAO/NASA Astrophysics Data System}
}

% Misc

 @misc{emissivity_of_materials,
   author = "{Infrared Services}",
   title = "Emissivity Values for Common Materials",
   year = "2019",
   url = "http://infrared-thermography.com/material-1.htm",
   note = "[Online; accessed 20-Oct-2019]"
 }
 
 @misc{images_of_coronal_loops,
   author = "{Lockheed Martin Solar and Astrophysics Laboratory}",
   title = "Images of the Sun taken by the
Transition Region and Coronal Explorer",
   year = "2019",
   url = "http://www.lmsal.com/TRACE/POD/TRACEpodarchive24.html",
   note = "[Online; accessed 03-Nov-2019]"
 }
 
 @misc{Kelly2020,
   author = {{Kelly}, P.~A.},
   title = "Mechanics Lecture Notes: An introduction to Solid Mechanics",
   year = "2020",
   url = "http://homepages.engineering.auckland.ac.nz/~pkel015/SolidMechanicsBooks/Part_III/",
   note = "[Online; accessed 28-Aug-2020]"
 }
 
 @misc{Lide2003,
  title={Handbook of chemistry and physics},
  author={{Lide}, D.~R.},
  year={2003},
  publisher={CRC press}
}

@misc{Richardson2019,
  title={2019 NRL Plasma Formulary},
  author={{Richardson}, A.},
  year={2019},
  publisher={Naval Research Laboratory Washington, DC}
}

@misc{sun_vital_statistics,
   author = "{Stanford Solar Center}",
   title = "The Sun's Vital Statistics",
   year = "2019",
   url = "http://solar-center.stanford.edu/vitalstats.html",
   note = "[Online; accessed 20-Oct-2019]"
 }


% Theses

@phdthesis{Williams2018,
  title={The dynamic topology of the solar corona: mapping the Sun’s three dimensional magnetic skeleton},
  author={Williams, Benjamin Matthew},
  year={2018},
  school={University of St Andrews}
}
